@book{adams1995hitchhiker,
  title={The Hitchhiker's Guide to the Galaxy},
  author={Adams, D.},
  isbn={9781417642595},
  url={http://books.google.com/books?id=W-xMPgAACAAJ},
  year={1995},
  publisher={San Val}
}

@misc{wiki:Bcrypt,
   author = "Wikipedia",
   title = "{Bcrypt} --- {W}ikipedia{,} The Free Encyclopedia",
   year = "2023",
   howpublished = {\url{http://en.wikipedia.org/w/index.php?title=Bcrypt&oldid=1175136618}},
   note = "[Online; accessed 18-September-2023]"
}

@misc{wiki:figma,
   author = "Wikipedia",
   title = "{Figma (software)} --- {W}ikipedia{,} The Free Encyclopedia",
   year = "2023",
   howpublished = {\url{http://en.wikipedia.org/w/index.php?title=Figma\%20(software)&oldid=1173484278}},
   note = "[Online; accessed 19-September-2023]"
}

@misc{wiki:Socket.IO,
   author = "Wikipedia",
   title = "{Socket.IO} --- {W}ikipedia{,} The Free Encyclopedia",
   year = "2023",
   howpublished = {\url{http://en.wikipedia.org/w/index.php?title=Socket.IO&oldid=1173333199}},
   note = "[Online; accessed 19-September-2023]"
 }


@misc{wiki:rainbow-attacks,
   author = "Wikipedia",
   title = "{Rainbow table} --- {W}ikipedia{,} The Free Encyclopedia",
   year = 2023,
   howpublished = {\url{http://en.wikipedia.org/w/index.php?title=Rainbow\%20table&oldid=1171785273}},
   note = "[Online; accessed 21-September-2023]"
 }